3320 5160
225 1095 505 1165 HERMANNVS
525 1095 702 1162 Vsnnnn
721 1095 956 1162 FRIDERICO
978 1081 1236 1162 RITSOHELIO
1259 1096 1334 1162 S·P

288 1373 347 1454 En
368 1391 496 1456 tandem
517 1393 706 1476 praeceptor
721 1391 882 1454 carissime
898 1389 937 1454 ad
958 1391 990 1454 le
1006 1389 1146 1454 adlatum
1168 1390 1253 1473 quod
1275 1393 1348 1454 ante

203 1509 262 1580 hos
278 1513 429 1594 quattuor
443 1532 559 1594 annos,
576 1509 651 1573 dum
667 1509 815 1593 quintum
829 1511 866 1572 11
880 1509 965 1572 unici
981 1508 1156 1594 magisterii
1166 1507 1348 1573 Bonnensis

203 1628 338 1692 lustrum
366 1629 494 1712 condis,
528 1629 752 1692 munusculum
785 1627 846 1692 tibi
876 1648 1036 1692 noueram.
1085 1627 1187 1691 mulla
1219 1629 1348 1692 interim

202 1747 304 1811 mullo
337 1769 432 1833 quam
467 1747 671 1831 sperabamus
702 1745 800 1810 setius
835 1719 1029 1810 ceciderunb
1075 1767 1175 1809 unum
1203 1767 1269 1810 non
1300 1749 1349 1810 est

202 1869 358 1930 mutatum
385 1868 488 1949 neque
516 1865 623 1949 poluit
649 1865 776 1929 mutari.
821 1887 893 1928 eum
920 1864 1005 1928 enim
1031 1885 1173 1928 amorem
1200 1886 1262 1949 quo
1290 1887 1348 1929 nos

202 2006 269 2048 non
284 1985 380 2048 modo
395 1985 561 2069 ingenium
575 1987 740 2068 praestans
756 1983 821 2067 sed,
837 1983 922 2066 quod
936 1983 1008 2066 plus
1023 1983 1118 2066 ualet,
1130 1983 1254 2047 animus
1267 1984 1348 2066 opli-

203 2123 326 2166 marnm
340 2123 446 2165 rerum
462 2102 621 2166 studiosus
637 2106 670 2166 el
690 2101 914 2165 beneuolentia
928 2104 995 2164 lom
1009 2123 1076 2165 non
1091 2102 1233 2186 quaesiha
1255 2122 1349 2184 quam

204 2221 353 2303 exoptata
388 2219 559 2303 perculerit
565 2270 575 2304 ,
604 2211 707 2306 neque
737 2223 822 2284 aetas
855 2219 1033 2284 conuellere
1062 2241 1220 2304 umquam¹
1241 2222 1350 2303 potest

201 2359 306 2420 neque
327 2337 455 2402 hercule
476 2339 605 2402 forbuna
626 2360 717 2402 uersa
740 2339 889 2402 euertere.

287 2454 343 2519 sed
371 2477 450 2540 opus
478 2458 556 2521 lunc
584 2456 784 2540 incohatum,
813 2459 889 2540 post
915 2455 970 2520 diu
996 2456 1214 2522 intermissum
1241 2457 1347 2542 potius

201 2595 296 2657 quam
319 2574 541 2638 continuatum
563 2595 635 2638 cum
658 2575 839 2639 absolulum
860 2597 946 2640 nuno
969 2597 1007 2639 ex
1035 2576 1181 2640 manibus
1210 2577 1346 2660 dimico,

200 2691 322 2776 pudore
345 2693 482 2776 quodam
504 2715 555 2758 me
578 2696 681 2758 sentio
705 2693 865 2758 subfundi.
903 2697 969 2758 bam
992 2695 1077 2758 enim
1098 2695 1248 2779 pleraque
1270 2695 1347 2759 uilia

200 2810 349 2876 uidentur
379 2832 447 2875 esse
474 2816 511 2876 ul
537 2812 604 2876 fors
633 2813 675 2877 sil
702 2835 744 2878 an
770 2815 806 2876 bu
835 2834 977 2898 quoque,
1011 2813 1061 2877 cui
1088 2813 1136 2877 nil
1162 2814 1198 2878 in
1233 2814 1346 2878 studiis

200 2947 335 3011 paruum
350 2932 414 3013 111,
438 2930 610 3026 miraturus
633 2932 691 3016 sis,
715 2953 770 2996 cur
791 2953 858 2995 non
881 2932 1113 3017 degustandum
1129 2933 1184 2997 sed
1206 2933 1342 3018 ingurgi-

201 3047 335 3111 tandum
367 3047 402 3111 in
432 3045 517 3113 hanc
545 3050 703 3114 senbinam
732 3052 918 3115 censuerim.
969 3050 1054 3134 quod
1081 3051 1155 3114 audi
1183 3073 1277 3135 quem
1306 3051 1347 3114 ad

201 3163 332 3229 modum
354 3168 503 3232 eueneril.
795 3145 798 3150 Ι

283 3283 386 3368 pridie
418 3283 572 3350 kalendas
604 3285 763 3350 ianuarias
795 3269 863 3350 eius
897 3283 974 3350 anni
1007 3307 1069 3370 quo
1097 3285 1204 3352 Bema
1235 3287 1346 3352 relicta

200 3401 466 3487 Grypiswaldiam
480 3405 628 3490 migraui,
643 3405 727 3470 inber
742 3405 867 3470 codices
875 3454 884 3488 ,
908 3427 987 3490 quos
1002 3407 1039 3470 11
1052 3405 1208 3471 festorum
1223 3407 1345 3472 dierum

199 3521 265 3585 otia
286 3519 431 3587 fallerem
449 3546 488 3588 ex
503 3523 699 3589 bibliotheca
717 3523 876 3608 oppidana
893 3547 1018 3589 mecum
1039 3525 1243 3611 aduexeram,
1260 3530 1344 3592 uete-

198 3661 269 3705 rum
291 3639 326 3705 in
340 3639 504 3706 Lucanum
520 3641 716 3708 scholiorum
732 3643 884 3708 uolumen
905 3643 1097 3727 perlustrare
1120 3646 1220 3729 coepi.
1257 3644 1345 3710 Petri
1458 3641 1466 3646 ⁴

80 3823 81 3826 ,
198 3757 343 3824 Danielis
366 3761 428 3825 Iebi
450 3761 691 3826 Aurelianensis
715 3761 823 3848 (quem
850 3763 954 3826 uirum
982 3763 1036 3846 qui
1062 3762 1246 3828 thesaurum
1268 3762 1344 3827 Ber-

197 3899 332 3942 nensem
359 3883 481 3944 11011111
508 3880 605 3944 eliam
630 3881 731 3966 pluris
759 3881 973 3946 aestimabunt
1001 3903 1095 3965 quam
1122 3881 1177 3966 qui
1199 3881 1344 3946 Seruium

198 3995 434 4082 Querolumque
461 4020 529 4063 non
564 3997 729 4084 ignorant)
760 3979 835 4064 dum
863 4000 999 4086 uestigia
1032 4000 1095 4064 labe
1122 4022 1231 4084 sparsa
1259 4000 1343 4086 lego,

198 4131 271 4180 ecce
298 4137 385 4182 noua
411 4119 514 4183 multa
543 4117 734 4202 scriptorum
768 4119 953 4183 testimonia
980 4121 1149 4204 emergunt
1176 4141 1344 4204 rerumque

196 4253 264 4299 non
279 4236 459 4321 spernenda
473 4237 610 4303 uarietas
627 4239 772 4302 occurrit.
802 4237 971 4322 decerpere
993 4237 1119 4302 institui
1140 4259 1219 4323 quae
1234 4260 1344 4304 museo

197 4351 353 4419 Rhenano
376 4355 474 4442 digna
496 4357 688 4421 uiderentur.
728 4347 813 4442 quod
835 4357 1004 4422 consilium
1026 4379 1088 4442 quo
1110 4359 1213 4444 magis
1239 4380 1344 4442 perse-

197 4492 293 4557 quor,
317 4496 354 4540 eo
376 4477 481 4562 magis
502 4476 693 4541 mutandum
715 4497 784 4540 esse
805 4477 974 4561 perspicio.
1017 4500 1084 4543 non
1109 4479 1230 4543 leuiora
1258 4477 1343 4540 enim
