3320 5160
475 1287 709 1362 SVETONI
730 1281 857 1360 VITA
883 1280 1079 1360 LVOANI

290 1527 398 1582 ser*
428 1504 534 1590 prima
561 1505 683 1588 ingenii
711 1503 934 1590 experimenta
963 1503 998 1564 in
1026 1502 1167 1567 Neronis
1195 1500 1383 1567 laudibus?

204 1605 294 1670 dedit
316 1604 549 1693 quinquennali
570 1605 758 1688 certamine.
797 1605 873 1669 dein
897 1629 966 1668 *s*
990 1603 1083 1670 ciuile
1105 1603 1224 1669 bellum
1244 1603 1347 1690 [quod

203 1807 407 1814 *—

274 1931 447 1983 ‘Commenta'
471 1933 572 1995 intepra
589 1933 659 1982 solas
676 1932 761 1980 corten
778 1929 1038 1980 tiernensem:
1057 1930 1076 1979 C
1092 1933 1213 1980 seruauit.
1250 1933 1291 1978 cai
1308 1937 1346 1978 ta·

204 2013 259 2050 men
282 2015 347 2064 quoe
372 2015 389 2048 o
404 2001 534 2062 principio
551 2015 629 2064 usque
652 2001 688 2047 od
709 1999 821 2047 scholion
843 2001 859 2047 l.
879 1999 897 2046 J
914 2000 963 2048 396
982 1999 1206 2047 ‘Adnotutionum’
1230 1999 1348 2046 diuersae

204 2068 353 2116 scholiorum
375 2068 560 2129 compilationis
578 2067 727 2115 intermixta
744 2072 801 2114 sunl
820 2073 846 2115 ct
867 2068 920 2114 uita
943 2073 1035 2128 poetae
1058 2073 1083 2114 cl
1100 2073 1269 2128 rtrproncntum
1291 2081 1349 2114 cur·

205 2136 277 2182 ruinis
295 2140 321 2182 et
340 2134 448 2191 scholia,
472 2135 535 2182 ltncc
556 2150 573 2182 a
590 2136 732 2182 commentis
751 2135 875 2197 separant
896 2140 921 2182 et
938 2136 1017 2184 atteri
1037 2135 1165 2192 uolumini,
1189 2149 1238 2198 quo
1256 2135 1348 2182 ‘adno-

206 2204 326 2250 tationes’
349 2203 385 2251 ad
401 2200 521 2251 librorum
540 2203 617 2264 fidene
634 2203 776 2252 recensitas
793 2204 878 2260 edom,
900 2203 1005 2264 reposui
1024 2203 1212 2250 accuratissime
1229 2202 1349 2256 indicatis
1402 2231 1407 2236 -

207 2284 376 2334 quaecumque
396 2270 475 2318 omisi.
1260 2279 1264 2285 '

272 2437 413 2487 Praecedit
428 2437 449 2498 f.
464 2439 477 2485 1
494 2464 527 2472 —
538 2439 558 2500 s.
578 2441 605 2487 2¹
627 2439 681 2487 uita
703 2438 918 2489 Adnolationibus
939 2439 1074 2502 proniora:
1097 2434 1116 2486 ri
1139 2453 1244 2488 anneus
1270 2477 1347 2488 .....

205 2505 341 2555 accessio.
381 2518 448 2554 vrrs
472 2520 588 2555 nunni
608 2521 749 2562 nxrmcrr.
785 2509 901 2572 sequitur
919 2509 985 2556 nalto
1004 2509 1087 2556 indice
1104 2507 1168 2555 daec
1185 2509 1250 2563 uita,
1275 2523 1349 2572 quom

206 2573 326 2624 Suetonio
354 2573 444 2622 deberi
469 2580 494 2622 et
521 2573 548 2623 1.
565 2575 591 2622 I.
617 2574 733 2638 Scoliqer
757 2575 784 2624 in
816 2575 897 2624 (latai.
919 2591 946 2636 p.
970 2575 1020 2624 265
1043 2576 1083 2623 cd.
1104 2590 1147 2637 pr.
1170 2576 1297 2624 intellecti
1323 2581 1349 2622 ct

205 2642 236 2690 P.
255 2641 350 2690 Daniel
366 2643 402 2690 ud
413 2639 438 2688 B
454 2642 517 2700 [.1Γ
534 2645 670 2705 murpineni
689 2647 765 2704 ‘puto
783 2659 799 2690 a
817 2642 938 2692 Suetonio
954 2641 1101 2706 Tranquillo
1119 2643 1184 2690 donc
1201 2645 1278 2691 ailam
1295 2657 1349 2690 esse

206 2710 375 2770 descriptam’
396 2709 530 2758 adnotans.
561 2710 595 2772 cf.
617 2709 842 2773 Reifferscheidias
863 2709 967 2760 Sueten.
988 2711 1061 2775 reliq.
1083 2726 1109 2772 p.
1127 2711 1160 2759 50
1180 2725 1219 2774 sq.
1243 2712 1291 2760 392
1308 2725 1348 2774 sq.

206 2778 259 2826 eius
279 2777 384 2826 codices
405 2777 462 2839 ipse
484 2778 588 2826 excussi
607 2777 660 2830 CB.
690 2779 815 2826 accedunt
832 2777 864 2826 M
874 2797 908 2820 =
920 2778 1160 2841 Montepcssulanus
1179 2778 1206 2825 H
1224 2779 1271 2826 113
1294 2779 1350 2826 otim

206 2843 315 2892 Bnlierii
332 2845 414 2908 quode
431 2851 457 2892 ct
468 2844 608 2894 Doruitlios
625 2861 668 2908 ap.
684 2844 888 2908 Oudendorpium
906 2853 932 2894 et
947 2846 1043 2894 Bomos
1061 2861 1102 2908 ap.
1116 2837 1351 2908 Reifferscheidium

207 2918 231 2960 et
252 2909 415 2960 Stelnliartas
432 2911 458 2963 in
477 2928 535 2960 ann.
553 2911 711 2961 Fleckeiseni
728 2929 752 2964 a.
772 2914 835 2962 1861
860 2919 878 2961 t.
897 2915 929 2962 83
950 2930 976 2976 p.
996 2913 1141 2962 sostenes
1161 2919 1219 2961 sunt
1237 2912 1350 2974 (omnino

207 2979 241 3038 cf.
261 2980 310 3027 iam
328 2979 490 3028 Steinltnrtos
507 2981 533 3028 in
550 2979 626 3043 symb.
645 2978 729 3031 Bonn.
747 2997 772 3044 p.
794 2982 844 3030 289
861 2979 949 3046 sqq),
974 2981 999 3028 P
1010 2999 1043 3023 =
1055 2981 1190 3029 Parisinus
1210 2981 1274 3028 7502
1293 2981 1350 3027 olim

209 3045 367 3096 colbertinus
393 3049 418 3094 in
442 3047 469 3096 O.
486 3047 519 3095 F.
539 3047 645 3096 Weberi
665 3064 734 3097 rmum
757 3050 879 3098 conlatus.
909 3047 981 3095 S:
998 3047 1102 3096 Sisciani
1117 3055 1210 3110 posteo
1232 3047 1352 3094 Wittiani

208 3115 338 3163 lectionem
356 3115 506 3178 aliquotiens
523 3122 683 3164 memoratam
701 3115 880 3178 Oudendorpio
899 3115 986 3163 debeo.
1022 3122 1163 3163 ceterorum
1182 3114 1269 3177 quibus
1290 3114 1350 3161 We·

208 3181 284 3230 beros
301 3183 344 3230 uit.
361 3181 424 3230 Luc.
437 3181 454 3229 I
468 3198 496 3245 p.
511 3184 525 3231 7
542 3197 598 3247 sqq.
629 3185 708 3232 utitur
725 3185 832 3246 itemque
844 3182 1028 3248 Repincnsisyi.
1043 3196 1065 3230 e.
1084 3181 1227 3230 christinae
1245 3182 1350 3244 reqinoe

208 3249 305 3298 codicis
322 3251 451 3298 lectionem
469 3266 486 3298 a
503 3249 654 3313 Spannernio
672 3256 799 3300 enotatan
818 3247 870 3312 (op.
889 3249 1024 3298 Weberum
1045 3250 1089 3300 uit.
1108 3249 1172 3298 Luc.
1192 3247 1244 3297 III
1260 3265 1286 3310 p.
1306 3245 1349 3309 22)

208 3319 321 3366 consulto
342 3318 453 3380 repleri.
489 3333 569 3382 neque
592 3320 671 3367 mimis
693 3333 747 3366 com
764 3317 927 3380 praetermisi
944 3323 1008 3382 quoe
1026 3332 1042 3364 a
1062 3316 1173 3366 Contere
1192 3316 1283 3379 (epist.
1303 3315 1350 3366 Go-

207 3384 314 3435 soultoni
328 3400 354 3448 p.
368 3386 417 3434 646
436 3386 474 3434 erl.
489 3384 628 3448 Almelou.)
647 3393 672 3434 et
689 3387 748 3434 inde
766 3401 782 3433 u
796 3385 944 3434 Oasoulrono
961 3391 1109 3448 propaqata
1127 3401 1180 3433 cam
1198 3383 1223 3432 B
1239 3388 1351 3447 plerum-

209 3468 257 3517 que
268 3453 400 3502 consentit.
435 3455 561 3516 uolpotom
576 3455 729 3516 scripturam
746 3469 794 3502 uno
806 3455 896 3502 saltem
908 3457 1024 3514 exempto
1037 3455 1205 3502 adnotatores
1218 3454 1351 3501 editionem

208 3526 398 3637 rrctcorpbnmeclrlnp
417 3522 482 3584 eleqi
498 3536 563 3586 quoe
582 3521 801 3585 Grppliswoldiae
818 3520 877 3568 milti
891 3527 997 3583 praesto
1016 3526 1073 3568 erat
1092 3535 1110 3569 α
1121 3539 1156 3563 =
1169 3521 1352 3570 Ascensionam

210 3604 235 3636 a.
401 3624 407 3636 .

278 3690 292 3738 1
310 3703 377 3738 vrrs
396 3701 499 3740 tuctur
517 3703 613 3740 eornm
637 3687 674 3736 B:
698 3691 768 3740 titulo
791 3695 865 3740 caret
883 3687 903 3738 0
922 3690 948 3737 in
967 3705 1015 3753 quo
1031 3691 1204 3752 praemittitur
1221 3691 1275 3738 uita
1293 3690 1350 3738 ‘ad-

210 3759 381 3807 notationum'
403 3759 520 3821 propria.
561 3759 602 3806 Ex
626 3756 768 3808 dimidiato
795 3759 891 3808 codice
919 3755 1057 3819 particula
1085 3757 1121 3806 ad
1147 3761 1248 3822 poetae
1271 3756 1352 3804 huius

209 3826 297 3874 uitam
315 3825 458 3890 pertinens
476 3828 586 3888 sumpte
602 3840 620 3873 u
642 3819 654 3890 11
677 3827 692 3873 2
711 3826 804 3876 Prima
818 3823 913 3875 CPSa:
936 3822 1081 3872 diurnos
1100 3839 1227 3874 uncinus
1247 3838 1352 3872 conou-

209 3907 311 3941 nnss1s
329 3905 417 3942 rurus.
435 3892 466 3941 M
486 3893 620 3941 Minueus
643 3891 760 3942 lucanus
779 3891 972 3944 cordubensis}
999 3893 1087 3956 primu
1105 3893 1130 3940 B
1148 3907 1273 3941 nvcnsvs
1297 3891 1351 3940 iste

210 3960 343 4025 hispanus
367 3975 477 4025 genere.
519 3959 697 4008 cordubensis
721 3961 774 4010 fuit
797 3963 918 4026 regione.
960 3959 1097 4025 dignitate
1124 3973 1189 4008 uero
1212 3963 1240 4008 et
1264 3958 1352 4007 erudi-

212 4027 288 4077 tione
308 4043 443 4081 romanus.
481 4028 535 4089 Qui
553 4027 641 4092 primo
660 4028 732 4092 apud
750 4029 944 4094 imperatorem
962 4043 1092 4078 neronem
1106 4027 1252 4076 maximum
1265 4027 1354 4091 potnit

211 4101 236 4144 et
256 4111 293 4161 qs.
311 4097 366 4146 uita
383 4099 408 4145 in
427 4097 522 4146 corticis
542 4095 565 4146 ll
580 4094 722 4145 membrano
739 4099 863 4161 sinqulori
881 4113 945 4162 quoe
963 4099 1021 4146 olim
1039 4100 1178 4159 tequozento
1196 4095 1354 4159 opqtutinato

212 4170 283 4226 erat,
303 4180 319 4212 o
336 4163 448 4214 Webero
460 4166 505 4216 uit.
518 4164 581 4212 Luc.
594 4162 647 4211 tlt
663 4167 719 4226 p.2
738 4167 820 4225 edita,
839 4168 974 4228 compilato
992 4181 1022 4214 en
1040 4180 1076 4212 en
1093 4163 1256 4217 Suetoniano.
1286 4165 1354 4213 adde

212 4233 420 4295 praecripti,
442 4233 471 4280 11
491 4234 648 4282 odrtotantar
676 4226 688 4296 {l
716 4235 731 4281 3
751 4233 959 4296 quinquennalii
977 4233 1009 4281 M
1029 4227 1041 4296 ll
1065 4226 1139 4294 dein]
1160 4230 1192 4280 de
1212 4233 1236 4280 P
1254 4231 1353 4282 deinde

213 4315 231 4348 α
255 4295 267 4364 Η
293 4299 386 4350 iliatam
412 4303 500 4350 notaui
525 4302 658 4350 studere
680 4300 733 4348 uita
751 4301 775 4350 Α
799 4317 841 4364 op.
861 4301 1011 4364 Reifferscli.
1031 4298 1102 4348 Suet.
1122 4315 1150 4362 p.
1170 4301 1215 4362 77,
1236 4302 1267 4349 18
1285 4316 1322 4363 sq.
1339 4295 1349 4362 ii

213 4366 283 4430 quod
302 4404 349 4418 ...
368 4383 394 4432 p.
413 4369 443 4424 4.
465 4369 478 4416 1
499 4373 542 4418 est
560 4368 688 4418 damnauit
707 4367 737 4420 G.
756 4367 888 4418 Becker-us
904 4371 931 4417 in
950 4367 1107 4418 Fleckeiseni
1129 4383 1188 4418 ann.
1205 4369 1268 4433 phil.
1288 4367 1353 4415 1863

213 4441 232 4486 t.
250 4437 282 4484 87
301 4452 329 4501 p.
347 4437 396 4485 651
415 4436 450 4499 cf.
471 4435 566 4488 (lentie
583 4437 644 4487 itio.
665 4437 731 4485 1864
749 4444 767 4486 t.
786 4439 863 4501 8911.
882 4437 931 4487 541
949 4451 986 4501 sq.
1358 4456 1362 4466 .

1111 4523 1152 4581 1*
