3320 5160
1295 309 1309 342 t

1268 415 1347 462 VIIII
1459 451 1463 461 .

202 567 332 632 scholiis
368 567 516 651 oppletos
543 564 799 651 Reiffenbergius
827 565 1079 649 praedicanerat,
1114 589 1209 650 opera
1244 567 1349 630 danda

202 688 283 762 erat,
312 707 406 770 quem
435 684 476 748 ad
508 683 731 748 adnotationes
761 685 970 749 recensendas
997 706 1065 748 non
1092 685 1156 748 leui
1183 688 1347 748 momento

201 804 343 868 futmum
358 824 427 868 esse
443 801 618 884 accuratius
640 803 825 886 inspicienti
846 803 991 887 patebat:
1010 803 1133 867 ’611611
1154 801 1234 865 mihi
1256 803 1348 887 copia

202 923 305 1000 fieret,
334 921 384 985 uir
413 920 616 1004 perinlustris
644 942 738 1004 quem
765 942 821 984 rex
849 921 1093 1005 augustissimus
1127 923 1237 984 noster
1264 921 1348 1004 apud

202 1039 320 1124 Belgas
348 1039 387 1102 de
416 1038 481 1102 6116
510 1039 730 1122 sociorumque
756 1039 851 1103 rebus
879 1039 1022 1123 legatum
1045 1061 1114 1104 esse
1136 1039 1245 1121 iussit,
1268 1039 1348 1103 liber

202 1158 279 1222 baro
303 1156 341 1220 de
356 1155 458 1220 Balan
479 1155 525 1220 ita
546 1155 665 1239 effecit,
688 1159 724 1220 ut
745 1179 808 1220 una
830 1178 928 1240 opera
943 1159 975 1220 61
997 1157 1180 1220 comitatem
1199 1158 1348 1222 eximiam

204 1278 236 1338 61
257 1273 436 1340 officiosum
458 1273 636 1338 litterarum
658 1295 799 1338 amorem
821 1274 998 1338 luculenter
1019 1276 1211 1358 probauerit.

287 1393 441 1457 sic-aucto
459 1392 610 1457 editionis
626 1395 658 1457 et
679 1394 892 1458 instrumento
916 1396 948 1457 et
970 1393 1076 1458 officio
1099 1394 1134 1458 in
1156 1397 1348 1460 contrariam

203 1509 332 1574 delabor
347 1510 580 1576 dubitationem
596 1511 625 1576 ei
640 1534 720 1596 1166
735 1515 771 1576 11
786 1515 967 1576 commenta
981 1511 1107 1597 integra
1120 1517 1347 1597 pertractarem
1465 1507 1467 1510 ⁵

200 1628 325 1712 pridem
346 1651 398 1694 me
420 1633 646 1694 commoneret.
685 1631 855 1714 plenamne
879 1630 1004 1694 ederem
1026 1631 1233 1716 farraginem,
1256 1635 1347 1697 utilia

200 1750 233 1812 et
255 1769 294 1811 ex
316 1748 447 1830 antiqua
470 1749 648 1814 eruditione
671 1747 809 1814 delibata
830 1748 919 1811 iuxta
934 1770 1005 1812 cum
1020 1749 1182 1813 uilissimis
1205 1754 1238 1814 61
1259 1752 1346 1836 inep-

199 1865 356 1928 tissimis?
388 1887 430 1928 an
452 1866 653 1949 decerperem
676 1867 838 1950 grauiora,
860 1866 975 1941 uiliora
996 1869 1138 1932 tenebris
1160 1869 1346 1933 redderem?

199 1982 262 2045 fuit
285 2005 360 2047 sane
378 2005 450 2047 6111
466 1984 511 2048 616
525 1983 707 2048 faciendum
723 1973 948 2067 decreuissem,
964 1989 1001 2048 ut
1015 1986 1215 2070 decerperem
1229 1989 1346 2070 potius.

200 2101 235 2161 at
261 2101 331 2163 fieri
358 2103 486 2183 poterat
513 2103 550 2164 ut
577 2123 657 2186 quae
679 2101 750 2165 aliis
775 2105 824 2165 sat
850 2103 963 2186 grauia
985 2108 1016 2167 et
1041 2097 1133 2168 utilia
1153 2106 1347 2189 uiderentur,

200 2239 219 2278 6
245 2239 297 2280 me
325 2218 526 2282 abicerentur
557 2219 712 2302 naucique
745 2219 947 2284 haberentur.
1003 2244 1097 2286 nemo
1132 2224 1217 2287 enim
1250 2223 1346 2289 horno

197 2333 283 2396 ultra
298 2355 332 2396 66
355 2334 424 2416 ipse
439 2335 531 2418 sapit.
560 2357 656 2418 porro
672 2335 724 2399 uel
745 2336 930 2431 111111661116
952 2359 1093 2423 1166116
1114 2345 1143 2404 61
1166 2343 1220 2425 111
1242 2365 1346 2407 emen-

198 2449 304 2513 dando
326 2449 457 2515 Lucano
480 2474 610 2536 operam
630 2457 804 2519 nauaturus
827 2456 870 2520 sit
894 2460 1057 2542 tamquam
1079 2436 1263 2525 testimonia
1284 2463 1346 2526 166-

198 2568 296 2632 tionis
330 2568 493 2634 codicibus
526 2553 628 2635 multo
662 2573 842 2656 6111111616
874 2579 1020 2640 66611616
1054 2579 1281 2660 perpendenda
1315 2585 1347 2644 et

198 2687 396 2786 aestimanda
425 2675 525 2752 erunt.
570 2689 678 2773 itaque
706 2691 734 2754 si
760 2713 845 2756 noua
872 2696 998 2758 tantum
1021 2698 1053 2758 61
1080 2697 1202 2761 erudita
1225 2699 1347 2762 scholia
1461 2759 1464 2766 .

199 2805 382 2889 elegissem,
405 2807 547 2870 11111111
563 2811 631 2871 6161
652 2813 689 2872 11
710 2832 770 2896 ego
786 2833 867 2894 quae
883 2813 1036 2896 egissem,
1059 2837 1132 2878 mox
1148 2816 1218 2879 aliis
1241 2818 1345 2882 denuo

199 2924 322 3007 agenda
336 2923 451 2988 merito
466 2924 658 2991 uiderentur.
696 2929 729 2991 id
751 2949 845 3012 quam
860 2931 997 2995 maxime
1020 2932 1088 2995 fieri
1110 2937 1218 3016 potest
1234 2957 1345 2999 cauen-

200 3041 275 3104 dum
289 3041 369 3106 mihi
383 3042 509 3106 uidetur
524 3045 569 3106 eis
584 3046 772 3127 praesertim
788 3048 843 3130 qui
865 3049 964 3111 libros
981 3050 1175 3132 1161661616
1198 3053 1346 3136 legantur

200 3158 306 3224 edunt.
331 3159 466 3244 denique
481 3161 690 3244 paucissimos
705 3162 852 3226 uidebam
865 3166 961 3228 611611
976 3188 1062 3229 1116
1078 3169 1248 3250 scriptores
1260 3170 1344 3233 Lati-

198 3298 258 3342 nos
269 3299 337 3342 esse
352 3249 487 3362 11611111
503 3277 626 3342 scholia
637 3279 683 3343 sic
694 3282 732 3342 ut
745 3277 872 3364 oportet
887 3283 1022 3348 collecta
1035 3287 1066 3347 61
1080 3287 1216 3350 tractata
1228 3296 1342 3353 essent.
1415 3315 1421 3326 ⁸

199 3415 294 3478 quare
315 3395 378 3460 hoc
399 3396 479 3460 mihi
508 3397 678 3462 consilium
705 3399 780 3482 fuit,
809 3403 845 3463 ut
867 3401 960 3464 editis
983 3403 1079 3466 simul
1102 3407 1289 3470 commentis
1313 3412 1345 3472 et

198 3513 475 3598 adnotationibus,
499 3538 593 3599 quem
616 3517 808 3582 admodum
830 3541 869 3582 611
890 3521 1090 3604 antiquitatis
1107 3524 1282 3603 eruditione
1305 3527 1344 3589 ad

197 3631 294 3696 medii
315 3633 385 3696 6611
407 3634 568 3697 inscitiam
589 3635 756 3718 ‘paullatim
777 3637 953 3701 litterarum
973 3639 1077 3703 studia
1092 3641 1212 3704 deflexa
1228 3647 1342 3725 essent,

197 3750 385 3815 accuratius·
398 3755 509 3835 posset
529 3753 685 3838 intellegi.

281 3869 372 3933 uides
400 3869 445 3934 mi
466 3869 623 3936 Ritscheli
651 3872 742 3936 fatali
763 3874 915 3956 ‘quadam
943 3877 1143 3941 catenatione
1166 3889 1341 3942 causarum’

195 4007 247 4050 me
269 3989 409 4051 tractum
423 3988 521 4052 fuisse
537 3989 719 4073 ardorisque
735 3991 890 4056 iuuenalis
906 3998 956 4059 sat
972 4017 1087 4080 graues
1102 4017 1221 4078 poenas
1236 3997 1341 4082 luisse,

196 4103 272 4169 dum
288 4126 327 4168 ex
343 4106 484 4170 amoenis
500 4129 661 4200 musarum
682 4111 781 4192 pratis
803 4111 838 4174 in
852 4101 952 4177 ‘deuia
967 4135 1004 4177 ac
1026 4113 1159 4178 dumosa
1177 4135 1252 4178 saxa
1274 4116 1342 4180 abs-

194 4222 317 4286 trudor.
371 4223 427 4286 sed
456 4227 493 4288 ut
525 4225 674 4289 enitendo
709 4228 808 4293 ardua
842 4251 957 4315 corpus
989 4231 1139 4317 uigescit,
1170 4233 1216 4297 ita
1243 4237 1341 4299 11611Ι

195 4341 332 4404 salubris
348 4339 427 4404 haec
443 4364 515 4407 cum
529 4343 731 4408 librariorum
745 4350 903 4429 portentis
919 4353 968 4413 est
981 4351 1124 4416 luctatio.
1147 4375 1207 4418 nec
1218 4354 1342 4418 sudoris

194 4481 246 4522 me
277 4459 473 4543 poenitebit,
500 4460 596 4524 modo
624 4464 660 4525 tu
687 4465 886 4547 prouinciam
907 4470 993 4532 recte
1015 4472 1223 4555 gnauiterque
1251 4493 1342 4540 6116
