3320 5160
434 1627 455 1676 0

432 1693 458 1742 B

558 1623 643 1675 codex
662 1625 810 1675 Beruensis
829 1624 884 1674 litt.
904 1624 954 1676 370
971 1640 1046 1676 saec.
1066 1622 1091 1673 X

558 1693 644 1743 codex
662 1693 770 1742 Lucani
791 1693 939 1743 Beruensis
962 1693 1016 1744 litt.
1038 1694 1072 1742 45
1098 1707 1172 1743 saec.
1196 1691 1220 1740 X
1248 1690 1325 1740 cuius
1352 1689 1460 1739 scholia

558 1760 632 1809 ultra
650 1760 667 1810 l.
681 1761 723 1809 III
741 1761 791 1810 286
809 1775 863 1810 non
883 1761 1092 1824 continuantur,
1111 1763 1208 1824 postea
1226 1757 1370 1808 rarissima
1388 1773 1460 1806 com·

556 1832 654 1892 parent
675 1843 764 1891 neque
784 1844 817 1878 ca
836 1843 895 1877 cum
916 1828 936 1877 O
954 1832 1074 1893 cognata

433 1893 474 1943 B¹
493 1893 534 1942 B²
558 1895 593 1945 ad
612 1896 727 1946 eundem
744 1895 835 1945 locum
854 1896 957 1945 codicis
973 1896 998 1944 B
1016 1895 1126 1944 diuersa
1144 1893 1253 1944 scholia

320 1966 388 2014 inter
403 1966 419 2015 l.
435 1962 460 2011 B

397 2034 416 2081 il
434 2030 459 2079 B

432 2100 475 2198 Du

433 2168 457 2216 D

434 2303 458 2351 A

440 2391 456 2420 1

435 2370 457 2416 s*

437 2505 465 2553 V

436 2573 459 2623 U

560 1963 732 2029 adscriptum
751 1963 779 2014 in
802 1964 825 2013 B
848 1979 931 2028 supra
954 1979 1013 2014 eum
1036 1978 1145 2013 uersum
1167 1962 1205 2012 ‘ad
1227 1976 1306 2025 quem
1330 1962 1460 2026 pertinet,

560 2031 683 2082 scholion

557 2101 744 2149 correctiones
762 2100 838 2150 Petri
855 2099 983 2149 Danielis
1004 2098 1093 2149 codici
1112 2098 1133 2149 C
1150 2096 1292 2148 adhibitae

559 2167 665 2216 scholia
683 2167 704 2216 0
725 2167 820 2231 qualia
838 2182 855 2216 a
872 2167 904 2218 P.
923 2167 1041 2218 Daniele
1059 2166 1229 2232 marginibus
1248 2165 1353 2216 codicis
1370 2164 1396 2214 B
1414 2165 1461 2214 ad·

557 2235 662 2299 scripta
681 2238 745 2283 sunt

559 2301 724 2350 scholiorum
741 2301 856 2365 antiqua
871 2301 977 2366 sylloge
996 2303 1040 2350 cui
1058 2301 1283 2352 ‘Adnotationes’
1302 2316 1400 2351 nomen
1420 2305 1463 2350 est

560 2368 646 2418 codex
665 2367 874 2418 Gemblacensis
892 2383 965 2418 nunc
981 2369 1168 2419 Bruxellensis
1186 2369 1375 2420 bibliothecae
1393 2369 1462 2418 Bur·

557 2435 695 2501 gundicae
714 2452 740 2485 n.
761 2437 828 2486 5330
845 2451 919 2489 saec.
939 2436 964 2484 X

560 2503 646 2553 codex
663 2502 809 2553 Leidensis
828 2504 900 2553 inter
917 2503 1067 2554 Vossianos
1085 2503 1133 2552 lat.
1151 2503 1224 2556 XIX.
1248 2518 1272 2568 q.
1291 2505 1323 2554 51
1342 2519 1415 2554 saec.
1437 2503 1461 2552 X

559 2571 646 2622 codex
664 2570 810 2622 Leideneis
828 2571 900 2621 inter
919 2571 1066 2622 Vossianus
1084 2572 1133 2621 lat.
1152 2571 1201 2626 iol,
1219 2573 1251 2622 63
1269 2586 1344 2625 saec.
1363 2571 1389 2619 X

388 2741 417 2790 in
439 2744 516 2790 textu
539 2755 607 2805 quas
625 2740 684 2805 ipse
709 2739 802 2789 addidi
824 2739 882 2790 siue
906 2741 1019 2790 litteras
1042 2741 1101 2791 siue
1122 2756 1205 2791 uoces
1223 2740 1325 2791 litteris
1343 2739 1462 2790 cursiuis

322 2809 438 2872 exprimi
456 2810 533 2860 iussi.
568 2823 639 2872 quae
659 2807 762 2858 codicis
782 2808 912 2858 euersis
932 2814 1045 2858 auctore
1065 2809 1090 2857 B
1108 2809 1202 2859 codice
1221 2809 1338 2871 inserui,
1358 2825 1392 2858 ea
1409 2808 1462 2858 hoc

323 2876 508 2926 cancellorum
527 2891 629 2941 genere
642 2874 707 2939 (-)
721 2875 845 2926 distinxi.
877 2877 905 2925 in
924 2877 1104 2927 adnotatione
1124 2877 1223 2927 critica
1241 2877 1284 2927 his
1302 2877 1381 2926 uncis
1396 2872 1458 2941 [-]

322 2960 371 2994 eac
394 2945 506 2995 litterae
529 2944 724 2994 discernuntur
745 2951 816 3008 ‘ques
845 2960 984 2995 erasarum
1014 2945 1076 2996 loco
1106 2944 1307 2996 substituerunt
1336 2944 1460 2996 codicum

321 3013 381 3062 siue
400 3014 549 3079 scriptores
567 3016 625 3063 siue
645 3015 825 3064 correctores.

1632 2219 1633 2248 l

1631 2307 1633 2344 l

1631 2369 1633 2404 l
