3290 5168
707 350 900 399 ΟΟΜΜΕΝΤΑ
923 349 1053 400 ΙΝΟΑΝΙ

254 912 312 976 111
401 905 531 994 [Rogas
565 918 614 974 est
645 909 844 974 constructio
878 908 1052 995 lignorum.
1104 931 1188 995 pyra
1210 909 1354 974 ,incenso
1386 907 1458 991 igne

319 1011 449 1076 dicitur.
491 1012 626 1076 bustum
648 1011 808 1077 conbusto
831 1027 965 1097 corpore
989 1011 1118 1076 dicitur.
1158 1009 1303 1076 tumulus
1327 1006 1459 1094 sepultis

320 1113 458 1180 ossibus.
502 1110 707 1198 sepulchrum
736 1099 851 1199 supra.=
858 1111 1017 1177 tumulum
1038 1110 1174 1177 fabrica.
1219 1119 1458 1177 monumentum

319 1214 433 1279 incisio
456 1213 605 1278 nominis.

286 1333 303 1383 5
404 1341 453 1380 s*
474 1337 551 1402 pars
581 1315 663 1379 caeli
692 1315 751 1380 sub
778 1315 872 1399 signo
895 1313 1046 1378 Veneris.
1091 1313 1225 1379 Saturni
1247 1314 1345 1378 clima
1366 1309 1462 1376 Italia

321 1427 379 1482 cst.
425 1417 541 1481 Martis
564 1416 661 1480 clima
689 1417 779 1500 regio
803 1417 922 1481 Goiicu
947 1426 1006 1480 esi.
1052 1413 1149 1480 clima
1171 1415 1327 1480 Mercurii
1349 1413 1461 1478 Africa

320 1529 380 1584 est.
425 1518 514 1583 Iouis
537 1517 635 1582 clima
657 1516 821 1604 Hispania
843 1527 893 1582 est
915 1517 1053 1602 ideoque
1076 1517 1194 1582 uberto
1216 1519 1292 1602 est]

390 1778 462 1826 1-7
481 1783 631 1839 commenta,
654 1792 718 1841 quoe
736 1773 848 1840 apparel
869 1776 895 1824 in
917 1775 1051 1838 archetypi
1068 1791 1099 1824 eo
1114 1779 1210 1840 puqino
1226 1791 1291 1840 quoe
1308 1775 1369 1825 libri
1389 1769 1462 1822 VIII

317 1847 392 1909 finem
409 1845 551 1894 continebat
569 1845 698 1908 cupiendo
715 1859 794 1894 uacuo
811 1845 895 1906 spatio
907 1844 1005 1906 scripto
1016 1844 1110 1906 fuisse,
1130 1844 1226 1894 inclusi.
1256 1845 1282 1892 in
1295 1845 1389 1904 ¹codice
1401 1841 1462 1903 Lip-

320 1915 399 1962 siensi
416 1912 580 1962 bibliothecae
600 1913 747 1961 senatoriae
765 1911 784 1960 I
803 1927 828 1960 n.
848 1911 880 1961 76
897 1926 965 1960 saec.
985 1910 1063 1960 XIII
1086 1908 1125 1973 (L
1143 1911 1227 1968 nobis,
1251 1909 1301 1959 111
1326 1907 1461 1966 Webcro),

321 1982 364 2046 qui
377 1996 430 2031 non
448 1985 515 2030 nullu
533 1988 724 2030 commentorum
740 1979 837 2028 selectio
849 1978 959 2040 (VIIII
970 1979 1039 2030 998..
1050 1979 1075 2028 Χ
1094 1980 1151 2031 161.
1171 1980 1227 2028 165.
1249 1979 1306 2030 189.
1328 1979 1384 2028 187.
1405 1976 1459 2025 199.

320 2049 378 2099 209.
397 2051 454 2099 213,
473 2050 532 2098 312.
550 2049 608 2098 323.
628 2045 687 2110 371)
706 2048 833 2108 seruauit,
850 2062 875 2096 u.
890 2048 963 2094 1-4
979 2047 1015 2095 od
1030 2045 1124 2094 VIIII
1142 2049 1158 2096 3
1176 2045 1339 2096 ascribuntur
1361 2041 1373 2111 b
1398 2041 1462 2102 lci-

320 2117 439 2166 Isldorncs
458 2131 497 2170 or,
511 2115 565 2164 XX
583 2117 622 2176 10,
642 2117 658 2164 9
676 2115 763 2178 differ.
776 2131 800 2163 n,
815 2114 863 2162 216
877 2120 894 2162 l.
913 2113 971 2162 VII
987 2131 1014 2178 p.
1027 2115 1077 2162 449
1096 2113 1205 2163 Areaaii
1215 2115 1250 2173 cf.
1264 2121 1281 2162 l.
1300 2113 1327 2161 V
1335 2129 1363 2178 p.
1377 2111 1417 2161 66.
1431 2111 1461 2160 oi

321 2183 425 2234 Seruius
437 2185 464 2233 in
476 2183 544 2236 Aen.
556 2181 608 2232 III
620 2184 662 2244 22,
674 2183 787 2232 scholion
800 2183 896 2231 codicis
909 2184 996 2231 eoeirred
1008 2180 1149 2232 Bernensis
1161 2199 1185 2230 n.
1197 2175 1462 2231 CCCLXXXXIIII

321 2253 357 2301 ad
372 2251 510 2301 Prudentii
531 2251 671 2315 peristepb.
690 2250 716 2298 X
733 2251 783 2302 576
807 2253 904 2314 ‘rogus
928 2248 1030 2298 dicitur
1052 2250 1196 2312 congeries
1219 2249 1368 2314 lignorum,
1393 2259 1462 2312 quse

239 2329 263 2386 J
321 2334 382 2368 cum
405 2319 522 2368 incensa
544 2318 643 2379 fuerit,
671 2333 739 2382 pyro
762 2321 903 2380 uocatur'‚
930 2331 1011 2382 supro
1031 2318 1140 2382 pust,
1160 2319 1191 2368 15
1219 2313 1377 2384 iilpirumin
1401 2327 1461 2364 con-

290 2398 298 2411 ·
321 2392 423 2436 structo
438 2383 538 2452 ligne]
557 2401 610 2435 cum
628 2401 681 2436 ros.
697 2386 722 2438 *C
739 2381 860 2450 pyramis
879 2389 1040 2435 constructe
1055 2385 1120 2450 igne
1139 2383 1181 2434 ab
1204 2382 1216 2452 ΙΙ
1239 2387 1254 2434 2
1273 2385 1387 2434 coubiio
1405 2385 1484 2432 cer-⁶

320 2454 425 2519 persO
452 2454 621 2504 combustum
645 2469 742 2518 corpus
761 2451 803 2501 Db
833 2449 845 2518 Η
877 2450 1211 2517 35ssibisupolchruin0
1238 2449 1250 2518 ll
1282 2449 1437 2502 frabriosO
1455 2443 1463 2510 ΙΙ

320 2523 418 2587 bpsrs
437 2521 465 2572 0.
500 2523 592 2571 bialum
618 2523 717 2584 nolani,
745 2522 875 2570 intercidit
894 2520 958 2583 fori.
977 2520 1130 2571 orientalis.
1160 2523 1270 2570 eiusdem
1291 2521 1403 2570 rationis
1425 2531 1463 2565 su·

318 2607 371 2654 pra
389 2605 487 2655 quoque
505 2608 532 2653 p.
545 2591 604 2651 238,
623 2593 638 2640 3
656 2590 790 2653 manifesta
808 2595 899 2638 extant
917 2591 1033 2653 cesliqia.
1061 2589 1224 2654 similiterque
1243 2589 1407 2639 Bardesonis
1424 2584 1465 2649 qui

319 2659 406 2721 feriar
424 2659 455 2707 de
473 2658 568 2722 lepibus
586 2665 712 2706 terrarum
730 2657 794 2706 liber
812 2655 868 2719 (ap.
883 2656 1017 2706 Eusebium
1032 2672 1126 2720 praep.
1140 2672 1177 2706 eu.
1196 2653 1292 2720 V110,
1306 2659 1339 2708 36
1356 2674 1384 2722 p.
1397 2653 1464 2708 278⁰,

321 2742 364 2788 ap.
377 2725 411 2775 A.
427 2726 556 2787 Meraeium
574 2726 612 2774 De
625 2723 777 2776 Bardesane
795 2723 927 2773 Edessena
944 2740 971 2786 p.
985 2723 1033 2786 ol)
1054 2724 1236 2774 Chaldaeorum
1253 2724 1319 2774 banc
1336 2739 1394 2776 esse
1412 2721 1463 2770 dis·

321 2797 439 2858 cipllnom
453 2795 551 2856 tradit,
575 2799 602 2842 ui
619 2796 645 2842 in
662 2798 758 2852 septem
775 2795 875 2841 climata
892 2798 988 2841 terram
1006 2789 1193 2858 [babilabilem]
1212 2794 1342 2856 diuisioni,
1367 2795 1393 2842 in
1411 2787 1463 2856 qui·

321 2863 366 2912 bus
387 2863 492 2927 sinqulis
510 2861 606 2926 sinquli
630 2862 787 2912 dominentur
807 2863 936 2924 planetae.
972 2865 1000 2909 nt
1018 2860 1140 2910 Manilius
1157 2860 1225 2909 IIII
1244 2861 1388 2911 696-817
1413 2865 1463 2906 ter-

320 2946 375 2978 ram
393 2929 552 2979 dubitabilem
569 2930 595 2978 in
608 2927 670 2978 XII
686 2935 775 2992 portes
793 2929 942 2991 discriptam
958 2929 1027 2976 inter
1040 2928 1100 2977 XII
1117 2930 1190 2993 sipna
1207 2929 1308 2978 zodiaci
1324 2925 1462 2982 distribuit,

320 2999 482 3047 Ptolemaeus
504 2997 591 3060 operis
614 2997 796 3062 quadripertiti
817 2999 833 3044 l.
852 2996 888 3045 II
904 2999 919 3046 3
940 2997 1050 3060 qenlium
1072 2996 1171 3046 babitus
1188 3012 1318 3062 moresque
1337 3013 1373 3046 em
1390 2993 1463 3045 ταινία

321 3067 449 3129 reqionum
472 3065 508 3114 od
529 3068 606 3113 solem
628 3065 794 3129 circulumque
817 3065 970 3114 zodiacolem
987 3065 1115 3127 positione
1132 3066 1240 3128 repetit,
1264 3063 1369 3114 Firmici
1385 3061 1463 3112 ralio-

321 3149 368 3182 nes
391 3133 441 3194 (cs.
459 3133 475 3181 I
495 3134 508 3180 1
525 3133 583 3196 p.3
607 3131 687 3202 Basti.
708 3132 723 3180 I
741 3131 913 3197 4p.13sq.)
936 3133 1045 3196 perinde
1067 3138 1143 3197 alque
1166 3134 1219 3181 eins
1243 3133 1286 3198 qui
1302 3127 1463 3182 Bordesanis

321 3217 409 3250 nomen
426 3203 545 3250 mentitur
563 3215 657 3248 onzrrem
680 3201 744 3248 banc
764 3202 928 3263 partitionem
945 3202 1092 3250 excludunt.
1122 3202 1209 3266 iloqne
1227 3216 1280 3249 euos
1299 3215 1345 3249 neo
1363 3203 1390 3250 in
1406 3199 1461 3263 pla·

286 3312 290 3321 .
321 3274 435 3317 netarum
457 3268 561 3318 molibus
582 3266 629 3316 nec
652 3269 678 3316 in
701 3275 826 3317 terrorum
847 3269 897 3316 situ
915 3271 1045 3334 quicquam
1066 3269 1101 3317 sil
1122 3275 1209 3318 certae
1231 3269 1341 3318 rationis
1362 3264 1460 3328 conspi-

321 3352 402 3398 cuum,
430 3352 465 3386 ea
486 3335 712 3399 siqnificalionibus
733 3339 893 3398 planetarum
914 3337 1083 3386 necessarium
1106 3343 1145 3386 est
1166 3351 1249 3386 mores
1269 3337 1380 3400 pestium
1402 3335 1426 3388 b.
1446 3331 1461 3379 l·

321 3405 462 3468 conplicari,
484 3411 511 3451 ut
532 3404 622 3467 populi
640 3404 675 3452 ad
691 3419 814 3454 uenereas
832 3407 975 3467 uoluptates
991 3405 1069 3468 proni
1085 3404 1130 3454 sub
1152 3405 1268 3467 Venere,
1292 3403 1401 3455 bellaces
1417 3397 1462 3452 sub

321 3471 421 3534 Morte,
440 3477 608 3520 mercaturam
624 3471 774 3534 factitantes
791 3471 938 3538 subdoliquc
955 3472 1000 3521 sub
1018 3471 1164 3536 Mercurio,
1187 3473 1259 3538 reqio
1278 3479 1303 3520 el
1321 3474 1461 3537 temperata

321 3547 346 3588 et
366 3540 463 3602 fertilis
488 3539 533 3588 sub
559 3539 623 3588 Ioue
649 3546 791 3602 ponantur,
827 3539 906 3590 Ilaiio
932 3541 1039 3606 denique
1066 3541 1238 3606 antiquissimo
1264 3555 1310 3590 suo
1336 3543 1394 3605 reqi
1414 3537 1460 3588 Sa·

320 3614 395 3656 turno
413 3608 539 3656 reddatur
566 3602 577 3672 ΙΙ
607 3607 699 3656 uelo
721 3604 835 3656 dimsC
860 3602 872 3672 b
901 3608 1031 3672 tigotico
1049 3608 1077 3658 O.
1108 3609 1171 3658 baec
1192 3624 1272 3674 neque
1295 3614 1354 3671 post
1371 3619 1461 3658 annuo

321 3673 610 3724 OGOOLXXXVIIII
623 3675 681 3728 Cler.
697 3691 777 3740 neque
789 3690 891 3739 nsquam
904 3677 953 3724 nisi
964 3675 1185 3740 Constantinopoli
1201 3683 1245 3728 aul
1262 3680 1289 3727 in
1306 3677 1359 3726 aliu
1377 3678 1460 3726 orien-

320 3745 381 3878 tCaliq
397 3745 497 3806 imperii
513 3742 576 3860 arboe
592 3743 711 3792 uidentur
731 3743 811 3791 scribi
825 3744 937 3805 potuisse
960 3740 972 3809 ΙΙ
1000 3742 1118 3794 Climins
1139 3745 1159 3794 0
1185 3741 1197 3812 {l
1225 3748 1240 3796 7
1263 3745 1333 3795 iouis
1352 3745 1460 3795 climata

409 3808 536 3860 ubertati·
578 3849 583 3861 .
1451 3836 1456 3848 ι
