3320 5160
308 321 372 374 vul

304 497 398 562 quam
422 497 501 562 quae
523 475 662 560 primunr
677 477 823 540 obtutum
839 473 1040 556 detinebant,
1064 473 1188 538 occulta
1207 475 1242 538 in
1256 477 1448 543 membranis

304 595 440 680 pessime
475 593 594 660 habitis
624 593 772 678 omnique
801 593 952 658 uitiorum
979 611 1097 676 genere
1131 591 1316 659 deformatis
1351 597 1449 663 latere

304 713 396 780 facilc
425 714 607 800 apparebat
652 711 818 778 exhaurire
844 710 902 775 has
931 710 1039 794 copias
1067 733 1134 776 non
1155 715 1281 797 poterat
1308 715 1372 779 nisi
1395 717 1448 800 qui

303 831 454 898 uolumen
476 837 579 900 totum
610 829 864 916 perquisiuisset,
887 829 1027 913 perquiri
1048 830 1200 896 uolumen
1221 833 1281 897 nisi
1304 833 1387 898 idem
1410 834 1450 898 ad

303 973 443 1038 unguem
466 951 679 1037 castigabatur
700 933 861 1032 nequibat.
899 947 945 1011 sic
966 947 1066 1032 igitur
1087 949 1155 1014 fieri
1179 952 1328 1034 oportuit.
1372 953 1448 1017 iam-

304 1094 364 1158 que
386 1067 634 1137 transcribendis
657 1071 689 1132 et
718 1065 922 1132 emendandis
946 1065 1075 1130 scholiis
1099 1067 1126 1130 si
1148 1069 1223 1152 quid
1252 1070 1309 1134 otii
1333 1071 1448 1156 duplex
1542 1129 1545 1136 .

303 1213 419 1256 rnunus
453 1188 615 1254 Bernense
648 1185 834 1250 remittebat
865 1185 1037 1269 insumpsi,
1074 1189 1169 1270 atque
1204 1191 1280 1272 post
1312 1191 1448 1274 primam

303 1311 456 1376 aestatem
480 1304 792 1392 Grypiswaldensem
814 1303 952 1369 Bernam
979 1326 1125 1370 reuersus
1152 1305 1295 1371 codicem
1317 1331 1344 1373 a.
1361 1308 1390 1374 d.
1408 1325 1448 1373 111

302 1449 404 1494 nonus
433 1429 493 1492 oct.
518 1423 599 1490 ah.
624 1445 648 1488 s.
673 1440 761 1486 Lxrrr
784 1423 921 1506 explicui
948 1422 1094 1488 feliciter.
1139 1424 1224 1509 quod
1251 1427 1393 1491 restabat
1413 1431 1450 1491 ut

303 1546 421 1614 codicis
455 1543 584 1608 alterius
619 1540 792 1605 Bernensis
825 1564 857 1606 n.
887 1559 1010 1604 xxxxv
1038 1542 1159 1606 scholia
1194 1547 1446 1630 excerperentur,

302 1663 339 1732 Ε.
369 1663 507 1730 Pl'ander
535 1661 568 1725 in
598 1682 631 1724 se
659 1659 779 1744 recepit
805 1660 1122 1745 beneuolentissime,
1149 1663 1285 1746 perfecit
1313 1663 1447 1750 diligen-

302 1783 432 1850 tissime.
463 1780 519 1846 sed
533 1777 610 1842 noui
626 1777 774 1861 deinceps
797 1778 922 1844 labores
937 1783 1131 1846 accrescunt.
1161 1781 1266 1846 inerat
1286 1782 1320 1848 in
1336 1783 1448 1849 eodem

302 1905 358 1970 illo
381 1898 543 1966 uolumine
566 1896 662 1960 etiam
684 1918 793 1960 eorum
820 1897 855 1960 in
876 1897 1040 1963 Lucanum
1069 1897 1278 1985 scholiorum,
1307 1923 1386 1986 quae
1409 1925 1447 1968 ex

302 2021 461 2090 Vossiano
477 2016 621 2099 exemplo
637 2016 777 2081 secundo
793 2017 850 2104 (U)
867 2017 1113 2103 Oudendorpius
1135 2020 1274 2104 itemque
1296 2042 1335 2086 ex
1348 1995 1446 2085 Bero-

303 2139 419 2208 linensi
446 2134 564 2201 Weber
591 2121 846 2219 publicauerant,
873 2138 1035 2220 specimen
1063 2139 1159 2225 longe
1189 2141 1222 2204 et
1250 2139 1390 2205 limatius
1416 2144 1448 2205 et

301 2259 443 2346 plenius,
466 2252 723 2318 ‘adnotationes'
747 2274 865 2317 nomen
881 2255 1002 2318 eierat.
1034 2256 1139 2338 itaque
1161 2261 1333 2340 postquam
1351 2267 1446 2323 ‘com-

301 2379 421 2444 menta’
439 2372 636 2440 emendanda
649 2374 683 2435 'et
698 2355 819 2436 edenda
835 2372 974 2455 suscepi,
988 2394 1056 2436 non
1070 2373 1173 2458 magis
1194 2373 1256 2437 hoc
1272 2375 1446 2440 detrectare
1528 2449 1531 2456 ι

301 2518 416 2562 munus
439 2495 583 2579 poteram
605 2493 642 2555 ut
663 2490 947 2556 ‘adnotationibus'
967 2491 1107 2576 speciem
1127 2492 1293 2557 redderem
1315 2493 1446 2580 integri-

274 2611 362 2682 tati
395 2636 490 2700 quam
521 2611 709 2698 proximam.
760 2610 848 2695 atqui
880 2611 1034 2694 temporis
1066 2611 1181 2676 iniuria
1214 2610 1287 2676 illae
1315 2613 1446 2677 dimidio

300 2737 465 2800 truncatae
487 2732 521 2797 in
550 2732 632 2795 libro
647 2729 811 2795 Beruensi
839 2730 1035 2816 legebantur.
1081 2729 1363 2815 circumspicienda
1384 2733 1463 2812 alia¹

302 2856 393 2920 erant
407 2852 531 2917 auxilia.
562 2872 696 2935 quorum
711 2849 936 2936 grauissimum
951 2849 1118 2914 inuentum
1134 2852 1183 2914 est
1197 2850 1295 2915 codex
1309 2849 1446 2917 Waller·

302 2971 485 3055 steinensis,
509 2972 549 3035 ab
572 2970 684 3036 eodem
706 2992 777 3034 curn
793 2968 949 3034 Beruensi
972 2969 1117 3054 exemplo
1140 2969 1293 3036 oriundus
1316 2972 1446 3059 eiusque

301 3113 431 3176 prorsus
454 3090 620 3177 gemellus.
666 3089 694 3152 is
717 3087 752 3154 (l.
775 3087 904 3153 Halmio
926 3088 996 3153 uiro
1020 3088 1195 3154 clarissimo
1217 3089 1446 3158 humanissime

300 3210 518 3274 intercedente
541 3209 580 3274 ad
602 3232 653 3273 me
676 3208 824 3273 defertur.
870 3211 904 3272 at
924 3211 1015 3273 tanta
1037 3209 1202 3274 aWeberi
1224 3210 1362 3276 lectione
1384 3212 1445 3275 dis·

239 3412 243 3420 ,
302 3329 478 3413 crepantia,
501 3331 624 3394 utnon
647 3330 714 3392 tarn
735 3327 841 3394 notari
864 3327 990 3391 diuersa
1010 3328 1122 3392 liceret
1143 3348 1239 3411 quam
1260 3329 1446 3393 transscribi

300 3447 459 3532 integram
474 3444 670 3511 scholiorum
692 3448 818 3532 copiam
840 3448 1010 3532 oporteret.
1047 3464 1150 3529 neque
1165 3466 1241 3508 uero
1257 3445 1445 3510 ‘adnotatio-

300 3574 389 3631 num’
414 3565 586 3630 editionem
613 3587 731 3630 nouam
759 3565 885 3651 paranti
907 3564 1138 3631 Vossianorum
1161 3563 1312 3629 librorum
1337 3565 1446 3631 deesse

302 3684 523 3750 auctoritatem
544 3707 602 3770 par
617 3688 693 3750 erat.
731 3685 793 3752 hoc
815 3707 939 3770 quoque
955 3684 1173 3749 adiumentum
1194 3705 1252 3766 per
1266 3683 1447 3770 Pluygersii

300 3804 490 3890 professoris
518 3803 683 3870 Leidensis
710 3805 933 3871 liberalitatem
961 3803 1124 3890 egregiam
1153 3805 1185 3867 et
1212 3803 1247 3865 in
1276 3802 1447 3869 Germania

302 3925 419 4009 quippe
435 3924 543 3990 eadem
559 3927 592 3988 et
605 3925 721 3988 artium
736 3923 915 3989 liberalium
931 3927 963 3988 et
984 3923 1198 3988 inliberalium
1212 3922 1446 4006 praefectorum

301 4043 425 4108 nutrice
452 4043 629 4107 inauditam
657 4043 799 4108 accessit.
844 4046 938 4127 atque
960 4041 1155 4108 Vossianum
1178 4041 1351 4106 secundum
1378 4036 1459 4126 ipse'

303 4183 373 4226 cum
389 4160 521 4227 Weheri
536 4162 676 4228 editione
696 4161 833 4246 contuli,
854 4161 993 4246 primurn
1005 4182 1143 4244 eumque
1164 4160 1272 4244 paullo
1295 4161 1447 4225 uetustio-

277 4302 368 4371 rem
396 4279 599 4346 Hermannus
626 4281 776 4366 Mueller,
805 4280 888 4346 sicut
922 4283 970 4344 est
1004 4279 1110 4344 animo
1140 4301 1217 4365 erga
1248 4302 1299 4345 me
1332 4300 1445 4365 prono,

302 4399 440 4464 excussit
455 4400 609 4466 sollerter.
636 4404 799 4486 postremo
816 4400 918 4465 codici
933 4397 1166 4484 Gemblacensi,
1183 4399 1271 4464 cuius
1286 4400 1446 4488 margines
