3320 5160
331 416 355 462 X

332 569 585 636 administratam
600 569 798 634 iudicaueris
835 574 871 634 tu
886 572 971 636 enim
986 573 1065 636 mihi
1089 573 1308 638 obuersabaris
1332 577 1479 660 quotiens

332 709 447 771 operae
462 688 497 752 in
508 688 699 754 extricandis
712 687 976 754 scholasticorum
988 691 1083 776 nugis
1098 692 1267 775 ponendae
1277 715 1328 760 me
1339 695 1478 784 taedium

333 807 538 892 corripiebat:
561 812 651 872 tuum
667 807 862 890 exemplum,
885 829 926 872 ne
942 812 1015 872 ante
1037 830 1133 892 quam
1147 813 1353 895 temptassem
1369 813 1478 897 despe-

330 929 436 990 ratum
457 927 625 1010 quicquam
647 925 875 1010 relinquerem,
899 927 1038 992 uetabat.

416 1047 546 1110 domum
567 1048 654 1108 recte
674 1042 870 1108 aedificatam
893 1045 1033 1129 expolire
1049 1049 1081 1109 et
1103 1048 1298 1112 ornamentis
1320 1049 1476 1114 instruere

331 1187 426 1249 quam
447 1163 540 1228 facile
556 1163 613 1245 sit,
635 1163 739 1247 magis
761 1185 856 1247 quam
877 1165 913 1227 111
927 1167 1134 1228 monumento
1150 1163 1300 1230 Plautino
1316 1169 1476 1232 exstructo

330 1305 428 1366 aeque
456 1285 550 1364 atque
580 1302 651 1345 aere
680 1281 813 1363 perenni
846 1281 932 1344 haud
962 1281 1029 1345 scio
1057 1303 1098 1345 an
1124 1304 1218 1346 nemo
1247 1289 1402 1374 expertus,
1424 1285 1474 1350 sit.

329 1402 456 1485 magnis
478 1421 577 1483 parua
599 1420 761 1482 conpono,
791 1399 818 1462 si
845 1398 920 1463 huic
948 1415 1072 1483 quoque
1098 1401 1221 1484 opellae
1250 1402 1353 1466 inesse
1376 1405 1476 1468 multa

330 1540 477 1604 auguror,
494 1539 573 1601 qnae
588 1518 750 1600 aliquanto
765 1517 883 1581 rectius
898 1517 1083 1600 doctiusque
1099 1518 1153 1604 agi
1166 1518 1339 1601 potuerint.
1361 1521 1475 1604 sentiO,

329 1637 426 1700 immo
450 1636 526 1700 scic.
557 1637 612 1701 sed
633 1635 807 1719 tranquillo
831 1636 917 1719 quali
945 1635 979 1698 in
1004 1634 1055 1699 his
1077 1637 1170 1700 rebus
1193 1658 1273 1720 opus
1296 1640 1345 1700 est
1367 1636 1474 1699 animo

326 1757 395 1818 tum
426 1755 553 1819 demum
581 1753 811 1839 progrediaris,
848 1775 919 1817 cum
951 1754 1171 1837 inpedimenta
1198 1754 1322 1819 itineris
1351 1757 1475 1818 remota

328 1873 455 1938 fuerint.
499 1873 578 1938 haec
599 1875 723 1937 remota
745 1872 815 1936 aliis
837 1895 856 1935 a
876 1875 1032 1956 mesunt,
1055 1872 1136 1937 mihi
1157 1872 1351 1938 remouenda
1373 1876 1472 1938 erant.

329 2013 388 2077 ego
403 1991 486 2056 nihil
506 1993 667 2076 antiquius
687 1991 785 2055 habui
806 2013 901 2076 quam
916 1994 952 2054 ut
970 1991 1004 2054 in
1018 1991 1174 2056 tradenda
1189 1991 1307 2056 codicis
1321 1992 1475 2056 memoria

327 2110 422 2176 fidem
451 2115 602 2194 quantam
629 2114 665 2174 ut
698 2109 826 2193 quidem
859 2109 956 2180 homo
990 2113 1152 2194 praestare
1179 2131 1323 2196 possem,
1351 2111 1474 2174 tantam

328 2232 530 2312 praestarem.
577 2228 632 2291 sed
665 2227 749 2291 hanc
776 2227 903 2290 laudem
932 2229 959 2291 si
988 2251 1068 2310 quae
1097 2232 1146 2292 est
1172 2251 1299 2293 omnem
1328 2227 1473 2313 Steigero

328 2346 427 2410 debeo
443 2346 513 2409 uiro
527 2345 743 2427 nobilissimo,
766 2343 979 2408 bibliothecae
995 2343 1167 2408 Bernensis
1182 2347 1344 2428 praefecto
1364 2345 1473 2409 huma-

327 2464 470 2528 nissimo.
515 2463 584 2546 qui,
607 2463 777 2546 postquam
800 2461 925 2526 chartas
947 2484 1033 2525 meas
1057 2462 1162 2546 operis
1184 2462 1315 2545 tradidi,
1341 2485 1399 2547 pro
1422 2486 1473 2528 me

327 2583 395 2668 ipse
430 2601 567 2666 sponsor
595 2580 702 2644 extitit
736 2580 901 2663 effecitque
936 2584 972 2643 ut
1005 2580 1119 2643 iterata
1147 2579 1264 2644 codicis
1292 2581 1473 2647 conlatione

328 2702 486 2786 deponere
514 2721 641 2765 omnem
670 2698 853 2782 scrupulum
875 2701 908 2762 et
933 2701 968 2761 ut
995 2719 1136 2782 quaeque
1160 2719 1198 2761 ex
1220 2698 1349 2764 aedibus
1371 2699 1472 2779 Teub-

326 2821 467 2886 nerianis
496 2819 626 2905 plagula
652 2817 839 2903 prodiisset,
868 2817 1007 2880 maxima
1028 2815 1161 2879 minima
1182 2815 1222 2880 ad
1245 2817 1381 2902 exempli
1403 2841 1472 2902 spe-

327 2941 408 3004 ciem
431 2940 556 3024 exigere
578 2937 747 3021 potuerim.

410 3080 477 3123 non
504 3056 610 3120 minus
637 3055 718 3119 mihi
753 3058 846 3140 grata
872 3055 934 3119 fuit
962 3051 1105 3137 Adolphi
1132 3051 1320 3139 Kiesslingii
1348 3056 1411 3120 mei
1438 3056 1473 3120 in

326 3177 464 3240 iuuando
487 3176 645 3270 prompta
679 3174 845 3257 uoluntas,
880 3174 934 3257 qui
967 3173 1113 3258 singulos
1147 3171 1221 3236 libri
1248 3175 1472 3255 quaterniones

326 3294 478 3357 Basiliam
505 3294 621 3357 missos
649 3314 721 3356 mea
749 3314 843 3355 causa
869 3291 1056 3374 perlegebat
1087 3288 1317 3352 lubentissime.
1370 3308 1472 3369 neque

326 3410 392 3473 ulla
414 3413 463 3473 est
490 3410 634 3494 plagula,
663 3410 741 3493 quin
762 3411 818 3472 aut
843 3407 980 3490 palmari
1003 3405 1138 3486 quadam
1160 3404 1254 3466 amici
1276 3403 1473 3488 sagacissimi

329 3523 551 3592 emendatione
572 3527 709 3611 insignis
733 3527 775 3590 sit
797 3529 852 3589 aut
874 3522 1072 3588 dubitatione
1094 3521 1134 3584 ab
1156 3520 1212 3584 illo
1234 3521 1323 3584 mota
1344 3523 1376 3586 et
1398 3543 1472 3586 aure

325 3645 406 3710 mihi
428 3644 577 3708 uellicata
599 3645 718 3729 aliquid
741 3667 759 3708 a
780 3665 832 3707 me
855 3642 898 3706 sit
920 3643 1107 3705 correctum.

409 3764 489 3829 haee
504 3749 608 3826 habui
631 3785 709 3846 quae
731 3782 817 3825 nunc
839 3760 1009 3844 praefarer.
1039 3763 1076 3823 tu
1098 3780 1215 3842 quaeso
1222 3808 1231 3841 ,
1254 3757 1339 3840 qnod
1360 3761 1471 3823 uotum

325 3883 408 3947 solui
429 3881 637 3964 tardiuscula,
659 3881 786 3944 ueniam
807 3880 888 3943 mihi
909 3878 1027 3943 habeas
1050 3881 1082 3943 et
1103 3877 1165 3942 hoc
1186 3875 1409 3940 munusculum
1430 3899 1471 3941 ne

325 4022 381 4064 suo
397 4001 500 4083 pretio
524 4000 609 4085 quod
630 3999 837 4083 perexiguum
860 4000 922 4080 est,
946 3995 1002 4060 sed
1023 4017 1129 4061 amore
1151 4016 1223 4058 meo
1239 4015 1376 4059 censeas.
1420 3994 1472 4058 fac

324 4118 432 4181 ualeas
454 4139 567 4202 meque
590 4139 686 4182 amca.

410 4275 575 4333 scribebam
596 4276 717 4334 Bonnac
739 4292 840 4332 mense
863 4273 1010 4332 decembri
1033 4272 1104 4330 anni
1126 4287 1379 4331 c1ornccocxv111.
